@book{knuth1997art,
  title={The Art of Computer Programming, Volume 1: Fundamental Algorithms},
  author={Knuth, Donald E.},
  year={1997},
  publisher={Addison-Wesley Professional}
}

@article{shannon1948mathematical,
  title={A mathematical theory of communication},
  author={Shannon, Claude E.},
  journal={The Bell System Technical Journal},
  volume={27},
  number={3},
  pages={379--423},
  year={1948},
  publisher={Wiley Online Library}
}

@article{turing1950computing,
  title={Computing machinery and intelligence},
  author={Turing, Alan M.},
  journal={Mind},
  volume={LIX},
  number={236},
  pages={433--460},
  year={1950},
  publisher={Oxford University Press}
}

@book{cormen2009introduction,
  title={Introduction to Algorithms},
  author={Cormen, Thomas H. and Leiserson, Charles E. and Rivest, Ronald L. and Stein, Clifford},
  year={2009},
  publisher={MIT press}
}
